% this file is just a list of sources and information about each one. Each source is assigned a letter, which is used in the lab report to generate in text citations.

@article{a,
author = {Arsenault, G. P. and Yaphe, W.},
title = {Fructose-Resorcinol-Hydrochloric Acid Test for Detection and Determination of Acetaldehyde.},
journal = {Analytical Chemistry},
volume = {38},
number = {3},
pages = {503-504},
year = {1966},
doi = {10.1021/ac60235a036},
}
@article{b,
author = {Baxter, G. P.},
title = {Stoichiometry.},
journal = {Journal of the American Chemical Society},
volume = {31},
number = {1},
pages = {120-121},
year = {1909},
doi = {10.1021/ja01931a023},
}
@article{c,
author = {Szabadvary, Ferenc},
title = {The birth of stoichiometry},
journal = {Journal of Chemical Education},
volume = {39},
number = {5},
pages = {267},
year = {1962},
doi = {10.1021/ed039p267},
}
@article{d,
author = {Tyndall, John R.},
title = {A logic diagram for teaching stoichiometry},
journal = {Journal of Chemical Education},
volume = {52},
number = {8},
pages = {492},
year = {1975},
doi = {10.1021/ed052p492},
}
@article{e,
author = {Weerasooriya, Ranjini},
title = {Chemical equations, moles, and stoichiometry},
journal = {Journal of Chemical Education},
volume = {58},
number = {10},
pages = {792},
year = {1981},
doi = {10.1021/ed058p792},
}
@article{f,
author = {McCullough, Thomas},
title = {Unknown identification by simple stoichiometry},
journal = {Journal of Chemical Education},
volume = {70},
number = {7},
pages = {592},
year = {1993},
doi = {10.1021/ed070p592},
}
@article{g,
author = {Hou, Te-Pang},
title = {The Manufacture of Soda.},
journal = {The Journal of Physical Chemistry},
volume = {38},
number = {7},
pages = {991-992},
year = {1933},
doi = {10.1021/j150358a020},
}
@article{h,
author = {Huber, Christopher J. and Massari, Aaron M.},
title = {Quantifying the Soda Geyser},
journal = {Journal of Chemical Education},
volume = {91},
number = {3},
pages = {428-431},
year = {2014},
doi = {10.1021/ed300694n},
}
@article{i,
author = {Williams, B. B. and Gidley, J. L. and Guin, J. A. and Schechter, R. S.},
title = {Characterization of Liquid-Solid Reactions. Hydrochloric Acid-Calcium Carbonate Reaction},
journal = {Industrial \& Engineering Chemistry Fundamentals},
volume = {9},
number = {4},
pages = {589-596},
year = {1970},
doi = {10.1021/i160036a011},
}
@article{j,
author = {Richards, Joseph W. and Powell, Norman S.},
title = {SUBSTITUTES FOR HYDROCHLORIC ACID IN TESTING CARBONATES.},
journal = {Journal of the American Chemical Society},
volume = {22},
number = {3},
pages = {117-121},
year = {1900},
doi = {10.1021/ja02041a001},
}
@article{k,
author = {Osborne, Thomas B.},
title = {A TYPE OF REACTION BY WHICH SODIUM CARBONATE AND HYDROCHLORIC ACID MAY BE FORMED IN THE ANIMAL ORGANISM.},
journal = {Journal of the American Chemical Society},
volume = {24},
number = {2},
pages = {138-139},
year = {1902},
doi = {10.1021/ja02016a002},
}
@article{l,
author = {Walker, Noojin and George, Donald L.},
title = {Oxidation of copper by hydrochloric acid},
journal = {Journal of Chemical Education},
volume = {45},
number = {5},
pages = {A429},
year = {1968},
doi = {10.1021/ed045pA429.2},
}
@article{m,
author = {Young, Jay A.},
title = {Hydrochloric Acid (approx 36\%)},
journal = {Journal of Chemical Education},
volume = {78},
number = {7},
pages = {873},
year = {2001},
doi = {10.1021/ed078p873},
}